@article{ramsay2007,
  author   = {Ramsay, J. O. and Hooker, G. and Campbell, D. and Cao,
              J.},
  doi      = {10.1111/j.1467-9868.2007.00610.x},
  issn     = {13697412},
  journal  = {Journal of the Royal Statistical Society: Series B
              (Statistical Methodology)},
  keywords = {Differential equation,Dynamic system,Estimating
              equation,Functional data analysis,Gauss,Newton
              method,Parameter cascade,Profiled estimation},
  month    = nov,
  number   = {5},
  pages    = {741--796},
  title    = {{Parameter estimation for differential equations: a
              generalized smoothing approach}},
  volume   = {69},
  year     = {2007}
}
